<?xml version="1.0" encoding="UTF-8"?><record xmlns="http://www.loc.gov/MARC21/slim" xmlns:cinclude="http://apache.org/cocoon/include/1.0" xmlns:zs="http://www.loc.gov/zing/srw/">
  <leader>00428nz  a2200133n  4500</leader>
  <controlfield tag="001">n 2006081784</controlfield>
  <controlfield tag="003">DLC</controlfield>
  <controlfield tag="005">20061026075014.0</controlfield>
  <controlfield tag="008">061025n| acannaabn          |n aaa      </controlfield>
  <datafield tag="010" ind1=" " ind2=" ">
    <subfield code="a">n 2006081784</subfield>
  </datafield>
  <datafield tag="040" ind1=" " ind2=" ">
    <subfield code="a">DLC</subfield>
    <subfield code="b">eng</subfield>
    <subfield code="c">DLC</subfield>
  </datafield>
  <datafield tag="100" ind1="1" ind2=" ">
    <subfield code="a">Collins, James</subfield>
  </datafield>
  <datafield tag="670" ind1=" " ind2=" ">
    <subfield code="a">Collins, James. Rosa Parks, c2005:</subfield>
    <subfield code="b">t.p. (James Collins)</subfield>
  </datafield>
  <datafield tag="670" ind1=" " ind2=" ">
    <subfield code="a">Toy Productions web site, Oct. 25, 2006:</subfield>
    <subfield code="b">(writes and directs educational audio/visual productions)</subfield>
  </datafield>
</record>